
@misc{ucscbrowser,
	title = {{UCSC} Genome Browser Home},
	url = {http://genome.ucsc.edu/},
	urldate = {2012-11-21},
	howpublished = {http://genome.ucsc.edu/}
}

@article{annotation,
	title = {Genome annotation: from sequence to biology},
	volume = {2},
	issn = {1471-0056},
	shorttitle = {Genome annotation},
	doi = {10.1038/35080529},
	number = {7},
	journal = {Nature reviews. Genetics},
	author = {Stein, L},
	month = jul,
	year = {2001},
	note = {{PMID:} 11433356},
	keywords = {Base Sequence, Biology, Databases, Factual, Genome, Human, Humans, Sequence Analysis, {DNA}},
	pages = {493--503}
}

@misc{couchbase_api,
	title = {Java Client Library {\textbar} Couchbase},
	url = {http://www.couchbase.com/develop/java/current},
	urldate = {2012-11-21},
	howpublished = {http://www.couchbase.com/develop/java/current}
}

@misc{mysql_api,
	title = {{MySQL} :: Download {Connector/J}},
	url = {http://dev.mysql.com/downloads/connector/j/},
	urldate = {2012-11-21},
	howpublished = {http://dev.mysql.com/downloads/connector/j/}
}